@article{bumbulis1993re2c,
  title={RE2C: A more versatile scanner generator},
  author={Bumbulis, Peter and Cowan, Donald D},
  journal={ACM Letters on Programming Languages and Systems (LOPLAS)},
  volume={2},
  number={1-4},
  pages={70--84},
  year={1993},
  publisher={ACM}
}
